<record><leader>00000cas a22000007a 4500</leader><controlfield tag="001">13025363</controlfield><controlfield tag="008">860115d18951940wiuwr ne      0    0ger d</controlfield><datafield ind1=" " ind2=" " tag="010"><subfield code="a">sn 86086031 </subfield></datafield><datafield ind1=" " ind2=" " tag="040"><subfield code="a">NPV</subfield><subfield code="b">eng</subfield><subfield code="c">NPV</subfield><subfield code="d">OCLCQ</subfield></datafield><datafield ind1="0" ind2=" " tag="041"><subfield code="a">gereng</subfield></datafield><datafield ind1=" " ind2=" " tag="042"><subfield code="a">msc</subfield></datafield><datafield ind1="0" ind2=" " tag="130"><subfield code="a">Plymouth Post (Plymouth, Wis.)</subfield></datafield><datafield ind1="1" ind2="0" tag="245"><subfield code="a">Plymouth Post.</subfield></datafield><datafield ind1="1" ind2="3" tag="246"><subfield code="a">Halbwo&#776;chentliche Plymouth post</subfield></datafield><datafield ind1=" " ind2=" " tag="260"><subfield code="a">Plymouth, Wis. :</subfield><subfield code="b">C.F. &amp; H.F.T. Wandersleben,</subfield><subfield code="c">1895-1940.</subfield></datafield><datafield ind1=" " ind2=" " tag="300"><subfield code="a">46 v. :</subfield><subfield code="b">ill.</subfield></datafield><datafield ind1=" " ind2=" " tag="310"><subfield code="a">Weekly</subfield></datafield><datafield ind1=" " ind2=" " tag="321"><subfield code="a">Weekly,</subfield><subfield code="b">June 27, 1895-Mar. 8, 1905</subfield></datafield><datafield ind1=" " ind2=" " tag="321"><subfield code="a">Semiweekly,</subfield><subfield code="b">Mar. 15, 1905-May 15, 1915</subfield></datafield><datafield ind1="0" ind2=" " tag="362"><subfield code="a">Jahr. 9, nr. 41 (27. Juni. 1895)-jahr. 54, nr. 25 (26. Jan. 1940&gt;.</subfield></datafield><datafield ind1=" " ind2=" " tag="500"><subfield code="a">Publisher varies.</subfield></datafield><datafield ind1=" " ind2=" " tag="525"><subfield code="a">Supplements accompany some issues.</subfield></datafield><datafield ind1=" " ind2=" " tag="546"><subfield code="a">Some columns in English.</subfield></datafield><datafield ind1=" " ind2=" " tag="752"><subfield code="a">United States</subfield><subfield code="b">Wisconsin</subfield><subfield code="c">Sheboygan</subfield><subfield code="d">Plymouth.</subfield></datafield><datafield ind1="0" ind2="0" tag="780"><subfield code="t">Nordwestliche Post (Plymouth, Wis.)</subfield><subfield code="w">(DLC)sn 86086030</subfield></datafield></record>